@article{khattar2021determinism,
  title={Determinism and stochasticity in the spatial--temporal continuum of ecological communities: the case of tropical mountains},
  author={Khattar, Gabriel and Macedo, Margarete and Monteiro, Ricardo and Peres-Neto, Pedro},
  journal={Ecography},
  volume={44},
  number={9},
  pages={1391--1402},
  year={2021},
  publisher={Wiley Online Library}
}

@article{hofbauer2022permanence,
  title={Permanence via invasion graphs: incorporating community assembly into modern coexistence theory},
  author={Hofbauer, Josef and Schreiber, Sebastian J},
  journal={Journal of mathematical biology},
  volume={85},
  number={5},
  pages={54},
  year={2022},
  publisher={Springer}
}

@article{kraft2015community,
  title={Community assembly, coexistence and the environmental filtering metaphor},
  author={Kraft, Nathan JB and Adler, Peter B and Godoy, Oscar and James, Emily C and Fuller, Steve and Levine, Jonathan M},
  journal={Functional ecology},
  volume={29},
  number={5},
  pages={592--599},
  year={2015},
  publisher={Wiley Online Library}
}

@article{ackerly2003community,
  title={Community assembly, niche conservatism, and adaptive evolution in changing environments},
  author={Ackerly, David D},
  journal={International Journal of Plant Sciences},
  volume={164},
  number={S3},
  pages={S165--S184},
  year={2003},
  publisher={The University of Chicago Press}
}

@article{chang2016integrating,
  title={Integrating succession and community assembly perspectives},
  author={Chang, Cynthia and HilleRisLambers, Janneke},
  journal={F1000Research},
  volume={5},
  year={2016},
  publisher={Faculty of 1000 Ltd}
}

@article{weiher2011advances,
  title={Advances, challenges and a developing synthesis of ecological community assembly theory},
  author={Weiher, Evan and Freund, Deborah and Bunton, Tyler and Stefanski, Artur and Lee, Tali and Bentivenga, Stephen},
  journal={Philosophical Transactions of the Royal Society B: Biological Sciences},
  volume={366},
  number={1576},
  pages={2403--2413},
  year={2011},
  publisher={The Royal Society}
}

@article{fukami2015historical,
  title={Historical contingency in community assembly: integrating niches, species pools, and priority effects},
  author={Fukami, Tadashi},
  journal={Annual review of ecology, evolution, and systematics},
  volume={46},
  number={1},
  pages={1--23},
  year={2015},
  publisher={Annual Reviews}
}

@article{harrison2020climate,
  title={Climate and plant community diversity in space and time},
  author={Harrison, Susan and Spasojevic, Marko J and Li, Daijiang},
  journal={Proceedings of the National Academy of Sciences},
  volume={117},
  number={9},
  pages={4464--4470},
  year={2020},
  publisher={National Acad Sciences}
}

@article{erwin2009climate,
  title={Climate as a driver of evolutionary change},
  author={Erwin, Douglas H},
  journal={Current Biology},
  volume={19},
  number={14},
  pages={R575--R583},
  year={2009},
  publisher={Elsevier}
}

@article{dimichele2004long,
  title={Long-term stasis in ecological assemblages: evidence from the fossil record},
  author={DiMichele, William A and Behrensmeyer, Anna K and Olszewski, TD and Labandeira, Conrad C and Pandolfi, John M and Wing, Scott L and Bobe, Rene},
  journal={Annu. Rev. Ecol. Evol. Syst.},
  volume={35},
  number={1},
  pages={285--322},
  year={2004},
  publisher={Annual Reviews}
}

@article{jackson2015community,
  title={Community ecology in a changing environment: Perspectives from the Quaternary},
  author={Jackson, Stephen T and Blois, Jessica L},
  journal={Proceedings of the National Academy of Sciences},
  volume={112},
  number={16},
  pages={4915--4921},
  year={2015},
  publisher={National Acad Sciences}
}

@article{jackson2006can,
  title={What can we learn about ecology and evolution from the fossil record?},
  author={Jackson, Jeremy BC and Erwin, Douglas H},
  journal={Trends in Ecology \& Evolution},
  volume={21},
  number={6},
  pages={322--328},
  year={2006},
  publisher={Elsevier}
}

@article{marshall2017five,
  title={Five palaeobiological laws needed to understand the evolution of the living biota},
  author={Marshall, Charles R},
  journal={Nature ecology \& evolution},
  volume={1},
  number={6},
  pages={0165},
  year={2017},
  publisher={Nature Publishing Group UK London}
}

@article{jablonski2015future,
  title={The future of the fossil record: paleontology in the 21st century},
  author={Jablonski, David and Shubin, Neil H},
  journal={Proceedings of the National Academy of Sciences},
  volume={112},
  number={16},
  pages={4852--4858},
  year={2015},
  publisher={National Acad Sciences}
}

@article{jackson2000life,
  title={Life in the last few million years},
  author={Jackson, Jeremy BC and Johnson, Kenneth G},
  journal={Paleobiology},
  volume={26},
  number={S4},
  pages={221--235},
  year={2000},
  publisher={Cambridge University Press}
}

@article{ludwig2019perspectives,
  title={Perspectives of regional paleoclimate modeling},
  author={Ludwig, Patrick and G{\'o}mez-Navarro, Juan J and Pinto, Joaquim G and Raible, Christoph C and Wagner, Sebastian and Zorita, Eduardo},
  journal={Annals of the New York Academy of Sciences},
  volume={1436},
  number={1},
  pages={54--69},
  year={2019},
  publisher={Wiley Online Library}
}

@article{hargreaves2009importance,
  title={On the importance of paleoclimate modelling for improving predictions of future climate change},
  author={Hargreaves, JC and Annan, JD},
  journal={Climate of the Past},
  volume={5},
  number={4},
  pages={803--814},
  year={2009},
  publisher={Copernicus Publications G{\"o}ttingen, Germany}
}
@article{benson2021biodiversity,
  title={Biodiversity across space and time in the fossil record},
  author={Benson, Roger BJ and Butler, Richard and Close, Roger A and Saupe, Erin and Rabosky, Daniel L},
  journal={Current Biology},
  volume={31},
  number={19},
  pages={R1225--R1236},
  year={2021},
  publisher={Elsevier}
}
@article{bartlein1989orbital,
  title={Orbital variations, climate and paleoecology},
  author={Bartlein, PATRICK J and Prentice, IC},
  journal={Trends in ecology \& evolution},
  volume={4},
  number={7},
  pages={195--199},
  year={1989},
  publisher={Elsevier}
}
@article{faith2013climate,
  title={Climate change and faunal turnover: testing the mechanics of the turnover-pulse hypothesis with South African fossil data},
  author={Faith, J Tyler and Behrensmeyer, Anna K},
  journal={Paleobiology},
  volume={39},
  number={4},
  pages={609--627},
  year={2013},
  publisher={Cambridge University Press}
}
@article{mannion2014latitudinal,
  title={The latitudinal biodiversity gradient through deep time},
  author={Mannion, Philip D and Upchurch, Paul and Benson, Roger BJ and Goswami, Anjali},
  journal={Trends in ecology \& evolution},
  volume={29},
  number={1},
  pages={42--50},
  year={2014},
  publisher={Elsevier}
}
@article{myers2015paleoenm,
  title={PaleoENM: applying ecological niche modeling to the fossil record},
  author={Myers, Corinne E and Stigall, Alycia L and Lieberman, Bruce S},
  journal={Paleobiology},
  volume={41},
  number={2},
  pages={226--244},
  year={2015},
  publisher={Cambridge University Press}
}
@article{barr2017signal,
  title={Signal or noise? A null model method for evaluating the significance of turnover pulses},
  author={Barr, W Andrew},
  journal={Paleobiology},
  volume={43},
  number={4},
  pages={656--666},
  year={2017},
  publisher={Cambridge University Press}
}
@article{kiessling2023improving,
  title={Improving the relevance of paleontology to climate change policy},
  author={Kiessling, Wolfgang and Smith, Jansen A and Raja, Nussa{\"\i}bah B},
  journal={Proceedings of the National Academy of Sciences},
  volume={120},
  number={7},
  pages={e2201926119},
  year={2023},
  publisher={National Acad Sciences}
}
@article{hagen2023coupling,
  title={Coupling eco-evolutionary mechanisms with deep-time environmental dynamics to understand biodiversity patterns},
  author={Hagen, Oskar},
  journal={Ecography},
  volume={2023},
  number={4},
  pages={e06132},
  year={2023},
  publisher={Wiley Online Library}
}
@article{zachos2001trends,
  title={Trends, rhythms, and aberrations in global climate 65 Ma to present},
  author={Zachos, James and Pagani, Mark and Sloan, Lisa and Thomas, Ellen and Billups, Katharina},
  journal={science},
  volume={292},
  number={5517},
  pages={686--693},
  year={2001},
  publisher={American Association for the Advancement of Science}
}
@article{erwin2009climate,
  title={Climate as a driver of evolutionary change},
  author={Erwin, Douglas H},
  journal={Current Biology},
  volume={19},
  number={14},
  pages={R575--R583},
  year={2009},
  publisher={Elsevier}
}
@article{nogues2009predicting,
  title={Predicting the past distribution of species climatic niches},
  author={Nogu{\'e}s-Bravo, David},
  journal={Global Ecology and Biogeography},
  volume={18},
  number={5},
  pages={521--531},
  year={2009},
  publisher={Wiley Online Library}
}
@article{nogues2018cracking,
  title={Cracking the code of biodiversity responses to past climate change},
  author={Nogu{\'e}s-Bravo, David and Rodr{\'\i}guez-S{\'a}nchez, Francisco and Orsini, Luisa and de Boer, Erik and Jansson, Roland and Morlon, Helene and Fordham, Damien A and Jackson, Stephen T},
  journal={Trends in ecology \& evolution},
  volume={33},
  number={10},
  pages={765--776},
  year={2018},
  publisher={Elsevier}
}
@article{alroy2000global,
  title={Global climate change and North American mammalian evolution},
  author={Alroy, John and Koch, Paul L and Zachos, James C},
  journal={Paleobiology},
  volume={26},
  number={S4},
  pages={259--288},
  year={2000},
  publisher={Cambridge University Press}
}
@article{nanglu2023across,
  title={Across space and time: A review of sampling, preservational, analytical, and anthropogenic biases in fossil data across macroecological scales},
  author={Nanglu, Karma and Cullen, Thomas M},
  journal={Earth-Science Reviews},
  pages={104537},
  year={2023},
  publisher={Elsevier}
}
@article{blanco2021punctuated,
  title={Punctuated ecological equilibrium in mammal communities over evolutionary time scales},
  author={Blanco, Fernando and Calatayud, Joaqu{\'\i}n and Mart{\'\i}n-Perea, David M and Domingo, M Soledad and Men{\'e}ndez, Iris and M{\"u}ller, Johannes and Fern{\'a}ndez, Manuel Hern{\'a}ndez and Cantalapiedra, Juan L},
  journal={Science},
  volume={372},
  number={6539},
  pages={300--303},
  year={2021},
  publisher={American Association for the Advancement of Science}
}
@article{davis2001range,
  title={Range shifts and adaptive responses to Quaternary climate change},
  author={Davis, Margaret B and Shaw, Ruth G},
  journal={Science},
  volume={292},
  number={5517},
  pages={673--679},
  year={2001},
  publisher={American Association for the Advancement of Science}
}
@Article{Lewis2023paleo,
    title = {palaeoverse: A community-driven R package to support palaeobiological analysis},
    author = {Lewis A. Jones and William Gearty and Bethany J. Allen and Kilian Eichenseer and Christopher D. Dean and Sofía Galván and Miranta Kouvari and Pedro L. Godoy and Cecily S. C. Nicholl and Lucas Buffan and Erin M. Dillon and Joseph T. Flannery-Sutherland and Alfio Alessandro Chiarenza},
    year = {2023},
    journal = {Methods in Ecology and Evolution},
    pages = {1--11},
    doi = {10.1111/2041-210X.14099},
  }
  
@article{merdith2021extending,
  title={Extending full-plate tectonic models into deep time: Linking the Neoproterozoic and the Phanerozoic},
  author={Merdith, Andrew S and Williams, Simon E and Collins, Alan S and Tetley, Michael G and Mulder, Jacob A and Blades, Morgan L and Young, Alexander and Armistead, Sheree E and Cannon, John and Zahirovic, Sabin and others},
  journal={Earth-Science Reviews},
  volume={214},
  pages={103477},
  year={2021},
  publisher={Elsevier}
}
@article{vasconcelos2022retiring,
  title={Retiring “cradles” and “museums” of biodiversity},
  author={Vasconcelos, Thais and O’Meara, Brian C and Beaulieu, Jeremy M},
  journal={The American Naturalist},
  volume={199},
  number={2},
  pages={194--205},
  year={2022},
  publisher={The University of Chicago Press Chicago, IL}
}
@article{gerhold2018deep,
  title={The deep past controls the phylogenetic structure of present, local communities},
  author={Gerhold, Pille and Carlucci, Marcos B and Proche{\c{s}}, {\c{S}}erban and Prinzing, Andreas},
  journal={Annual Review of Ecology, Evolution, and Systematics},
  volume={49},
  pages={477--497},
  year={2018},
  publisher={Annual Reviews}
}
@article{sonne2022biodiversity,
  title={Biodiversity cradles and museums segregating within hotspots of endemism},
  author={Sonne, Jesper and Dalsgaard, Bo and Borregaard, Michael K and Kennedy, Jonathan and Fjelds{\aa}, Jon and Rahbek, Carsten},
  journal={Proceedings of the Royal Society B},
  volume={289},
  number={1981},
  pages={20221102},
  year={2022},
  publisher={The Royal Society}
}
@article{cavender2016evolutionary,
  title={Evolutionary legacy effects on ecosystems: Biogeographic origins, plant traits, and implications for management in the era of global change},
  author={Cavender-Bares, Jeannine and Ackerly, David D and Hobbie, Sarah E and Townsend, Philip A},
  journal={Annual Review of Ecology, Evolution, and Systematics},
  volume={47},
  pages={433--462},
  year={2016},
  publisher={Annual Reviews}
}
@article{de2022predicted,
  title={Predicted alteration of vertebrate communities in response to climate-induced elevational shifts},
  author={de la Fuente, Alejandro and Krockenberger, Andrew and Hirsch, Ben and Cernusak, Lucas and Williams, Stephen E},
  journal={Diversity and Distributions},
  volume={28},
  number={6},
  pages={1180--1190},
  year={2022},
  publisher={Wiley Online Library}
}
@article{davis2005evolutionary,
  title={Evolutionary responses to changing climate},
  author={Davis, Margaret B and Shaw, Ruth G and Etterson, Julie R},
  journal={Ecology},
  volume={86},
  number={7},
  pages={1704--1714},
  year={2005},
  publisher={Wiley Online Library}
}
@article{mottl2021global,
  title={Global acceleration in rates of vegetation change over the past 18,000 years},
  author={Mottl, Ond{\v{r}}ej and Flantua, Suzette GA and Bhatta, Kuber P and Felde, Vivian A and Giesecke, Thomas and Goring, Simon and Grimm, Eric C and Haberle, Simon and Hooghiemstra, Henry and Ivory, Sarah and others},
  journal={Science},
  volume={372},
  number={6544},
  pages={860--864},
  year={2021},
  publisher={American Association for the Advancement of Science}
}
@article{jabot2020assessing,
  title={Assessing metacommunity processes through signatures in spatiotemporal turnover of community composition},
  author={Jabot, Franck and Laroche, Fabien and Massol, Fran{\c{c}}ois and Arthaud, Florent and Crabot, Julie and Dubart, Maxime and Blanchet, Simon and Munoz, Fran{\c{c}}ois and David, Patrice and Datry, Thibault},
  journal={Ecology Letters},
  volume={23},
  number={9},
  pages={1330--1339},
  year={2020},
  publisher={Wiley Online Library}
}